@online{zadani,
    author="{{Otáhal, A.; Skácel, J.}}",
    title={Vlastnosti materiálů tlustých vrstev},
    date="2023",
    url="https://moodle.vut.cz/pluginfile.php/783346/mod_resource/content/1/LC_Vlastnosti%20TVL_02_2023.pdf",
    urldate="2023-10-11"
}

@misc{DiplomkaScratchTester,
publisher = {Vysoké učení technické v Brně. Fakulta elektrotechniky a komunikačních technologií},
year = {2022},
title = {Návrh přístroje na zkoušky vrypem},
language = {cze},
author = {Brandejs, Petr},
keywords = {Vrypové zkoušky; Přístroj na vrypové zkoušky; Testování adheze povlaků; Mikroelektronika; Scratch test; Scratch tester; Measurement of coating adhesion; Microelectronics},
}

@online{pastaDatasheet,
  author="{ESL Electric Science}",
  title={Dielectric composition 4917},
  url="http://www.lichuangxin.cn/pdf/all.pdf",
  urldate="2023-10-16"
}