@online{zadani,
    author="{{Otáhal, A.}}",
    title={Měření vlastností tlustovrstvých rezistorů},
    date="2022",
    url="https://moodle.vut.cz/pluginfile.php/788241/mod_resource/content/1/Uloha%20%C4%8D.3_2022.pdf",
    urldate="2023-10-22"
}

@misc{DiplomkaTlusteVrstvy,
publisher = {Vysoké učení technické v Brně. Fakulta elektrotechniky a komunikačních technologií},
year = {2016},
title = {Elektrické vlastnosti tlustovrstvých past měřené v širokém rozsahu teplot},
language = {cze},
author = {Gajdoš, J.},
url = {https://www.vut.cz/www_base/zav_prace_soubor_verejne.php?file_id=126052},
keywords = {Tlustá vrstva, tlustovrstvá technologie, tlustovrstvé pasty, hybridní integrované obvody,
sítotisk, teplotní závislost tlustých vrstev, vrstvový odpor, kryogenní teploty, vodivost tlusté
vrstvy.},
}

@misc{hrabovsky2012,
    author = {Hrabovský, M.},
    title = {Výroba nanostruktur na grafitových/grafenových vrstvách a měření jejich transportních vlastností za pokojové teploty},
    howpublished = {Brno: Vysoké učení technické v Brně, Fakulta strojního inženýrství},
    year = {2012},
    pages = {37},
    note = {Vedoucí Ing. Miroslav Bartošík, Ph.D.}
}

