@online{ad633datasheet,
  author="{Analog Devices}",
  title={Low Cost Analog Multiplier AD633},
  edition={Rev. K},
  date="2015",
  url="https://www.analog.com/media/en/technical-documentation/data-sheets/AD633.pdf",
  urldate="2023-04-23"
}
@online{spicemodel,
    author = {{Analog Devices}},
    title = {AD633 Analog Multiplier Macro Model},
    edition = {Rev. 2014-09-15},
    year = {1993},
    url = {https://www.analog.com/media/en/simulation-models/spice-models/ad633.cir},
    urldate={2023-04-23}
}
@misc{ngspice,
    title = {{Ngspice (New generation SPICE) circuit simulator}},
    author = {{The NGSPICE development team}},
    year = {2001--2022},
    url = {http://ngspice.sourceforge.net/},
    edition = {verze 39},
    howpublished = {{software}},
    urldate = {2023-04-23},
}

@misc{cadence,
    title = {{OrCAD PSpice AD Student 9.1}},
    author = {{CADENCE}},
    year = {1986--1999},
    url = {https://www.orcad.com/pspice-free-trial},
    edition = {Web update 1, build 101},
    howpublished = {{software}},
    urldate = {2023-04-2},
}

@online{github-repo,
  title = {{MPS}},
  author = {Jakub Charvot},
  howpublished = {{commit ea33ac1] [online}},
  edition= {GitHub},
  url = {https://github.com/charvotj/MPS},
  urldate = {2023-05-03}
}



